@article{jamil2013literature,
  title={A literature survey of benchmark functions for global optimisation problems},
  author={Jamil, Momin and Yang, Xin-She},
  journal={International Journal of Mathematical Modelling and Numerical Optimisation},
  volume={4},
  number={2},
  pages={150--194},
  year={2013},
  publisher={Inderscience Publishers Ltd}
}

@article{nocedal1980updating,
  title={Updating quasi-Newton matrices with limited storage},
  author={Nocedal, Jorge},
  journal={Mathematics of computation},
  volume={35},
  number={151},
  pages={773--782},
  year={1980}
}

@inproceedings{Sutskever,
 author = {Sutskever, Ilya and Martens, James and Dahl, George and Hinton, Geoffrey},
 title = {On the Importance of Initialization and Momentum in Deep Learning},
 booktitle = {Proceedings of the 30th International Conference on International Conference on Machine Learning - Volume 28},
 series = {ICML'13},
 year = {2013},
 location = {Atlanta, GA, USA},
 pages = {III-1139--III-1147},
 url = {http://dl.acm.org/citation.cfm?id=3042817.3043064},
 acmid = {3043064},
 publisher = {JMLR.org},
} 

@article{davidon,
author = {William C. Davidon},
title = {Variable Metric Method for Minimization},
journal = {SIAM Journal on Optimization},
volume = {1},
number = {1},
pages = {1-17},
year = {1991},
doi = {10.1137/0801001},

URL = { 
        https://doi.org/10.1137/0801001
    
},
eprint = { 
        https://doi.org/10.1137/0801001
    
}

}

@article{broyden1965class,
  title={A class of methods for solving nonlinear simultaneous equations},
  author={Broyden, Charles G},
  journal={Mathematics of computation},
  volume={19},
  number={92},
  pages={577--593},
  year={1965},
  publisher={JSTOR}
}

@article{POLYAK19641,
title = "Some methods of speeding up the convergence of iteration methods",
journal = "USSR Computational Mathematics and Mathematical Physics",
volume = "4",
number = "5",
pages = "1 - 17",
year = "1964",
issn = "0041-5553",
doi = "https://doi.org/10.1016/0041-5553(64)90137-5",
url = "http://www.sciencedirect.com/science/article/pii/0041555364901375",
author = "B.T. Polyak"
}

@article{nesterov2006cubic,
  title={Cubic regularization of Newton method and its global performance},
  author={Nesterov, Yurii and Polyak, Boris T},
  journal={Mathematical Programming},
  volume={108},
  number={1},
  pages={177--205},
  year={2006},
  publisher={Springer}
}
